@book{Garey:1979:CIG:578533,
 author = {Garey, Michael R. and Johnson, David S.},
 title = {Computers and Intractability: A Guide to the Theory of NP-Completeness},
 year = {1979},
 isbn = {0716710447},
 publisher = {W. H. Freeman \& Co.},
 address = {New York, NY, USA},
}

@book{Hopcroft:2006:IAT:1196416,
 author = {Hopcroft, John E. and Motwani, Rajeev and Ullman, Jeffrey D.},
 title = {Introduction to Automata Theory, Languages, and Computation (3rd Edition)},
 year = {2006},
 isbn = {0321455363},
 publisher = {Addison-Wesley Longman Publishing Co., Inc.},
 address = {Boston, MA, USA},
} 

@book{Gamma:1995:DPE:186897,
 author = {Gamma, Erich and Helm, Richard and Johnson, Ralph and Vlissides, John},
 title = {Design Patterns: Elements of Reusable Object-oriented Software},
 year = {1995},
 isbn = {0-201-63361-2},
 publisher = {Addison-Wesley Longman Publishing Co., Inc.},
 address = {Boston, MA, USA},
}

@book{Hoare:1985:CSP:3921,
 author = {Hoare, C. A. R.},
 title = {Communicating Sequential Processes},
 year = {1985},
 isbn = {0-13-153271-5},
 publisher = {Prentice-Hall, Inc.},
 address = {Upper Saddle River, NJ, USA},
}

@article{Milner89acalculus,
 author = {Robin Milner and Joachim Parrow and David Walker},
 title = {A Calculus of Mobile Processes, Part I},
 journal = {I AND II. INFORMATION AND COMPUTATION},
 year = {1989},
 volume = {100}
}

@book{Milner:1982:CCS:539036,
 author = {Milner, R.},
 title = {A  Calculus of Communicating Systems},
 year = {1982},
 isbn = {0387102353},
 publisher = {Springer-Verlag New York, Inc.},
 address = {Secaucus, NJ, USA},
}

@inproceedings{Hoare:2012:LPU:2368298.2368301,
 author = {Hoare, Tony and van Staden, Stephan},
 title = {The Laws of Programming Unify Process Calculi},
 booktitle = {Proceedings of the 11th International Conference on Mathematics of Program Construction},
 series = {MPC'12},
 year = {2012},
 isbn = {978-3-642-31112-3},
 location = {Madrid, Spain},
 pages = {7--22},
 numpages = {16},
 url = {http://dx.doi.org/10.1007/978-3-642-31113-0_2},
 doi = {10.1007/978-3-642-31113-0_2},
 acmid = {2368301},
 publisher = {Springer-Verlag},
 address = {Berlin, Heidelberg},
} 